@incollection{Bengio+chapter2007,
author = {Bengio, Yoshua and LeCun, Yann},
booktitle = {Large Scale Kernel Machines},
publisher = {MIT Press},
title = {Scaling Learning Algorithms Towards {AI}},
year = {2007}
}

@article{Hinton06,
author = {Hinton, Geoffrey E. and Osindero, Simon and Teh, Yee Whye},
journal = {Neural Computation},
pages = {1527--1554},
title = {A Fast Learning Algorithm for Deep Belief Nets},
volume = {18},
year = {2006}
}

@article{Yoshua94,
author = {Bengio, Yoshua and Simard, Patrice and Frasconi, Paolo},
journal = {IEE Transactions on Neural Networks},
title= {Learning Long-Term Dependencies with Gradient Descent is Difficult},
volume = {5},
year = {1994}
}

@article{Saxe2014,
author = {Saxe, Andrew M. and McLelland, James L. and Ganguli, Surya},
title = {Exact solutions to the nonlinear dynamics of learning in deep linear neural networks},
journal = {International Conference in Learning Representations},
year = {2014}
}

@article{Quoc2015,
author = {Le, Quoc V. and Navdeep, Jaitly and Hinton, Geoffrey E.},
title = {A Simple Way to Initialize Recurrent Networks of Rectified Linear Units},
journal = {arXiv preprint arXiv:1504.00941},
year={2015}
}

@article{Glorot2011,
author = {Glorot, Xavier and Bordes, Antoine and Bengio, Yoshua},
title = {Deep Sparse Rectifier Neural Networks},
journal = {International Conference on Artificial Intelligence and Statistics (AISTATS)},
year = {2011}
}

@article{Nair2010,
author = {Nair, Vinod and Hinton, Geoffrey E.},
title = {Rectified Linear Units improve Restricted Boltzmann Machines},
journal = {International Conference on Machine Learning},
year = {2010}
}

@article{Pascanu2013,
author = {Pascanu, Razvan and Mikolov, Tomas and Bengio, Yoshua},
title = {On the difficulty of training Recurrent Neural Networks},
journal = {International Conference on Machine Learning},
year = {2010}
}

@article{Fred2010,
author = {Bergstra, James and Breuleux, Olivier and Bastien, Fr{\'{e}}d{\'{e}}ric and Lamblin, Pascal and Pascanu, Razvan and Desjardins, Guillaume and Turian, Joseph and Warde-Farley, David and Bengio, Yoshua},
title = {Theano: a {CPU} and {GPU} Math Expression Compiler},
journal = {Proceedings of the Python for Scientific Computing Conference ({SciPy})},
year = {2010},
}

@article{Glorotinit,
author = {Glorot, Xavier and Bengio, Yoshua},
title = {Understanding the difficulty of training deep feedforward neural networks},
journal = {International Conference on Artificial Intelligence and Statistics (AISTATS)},
year = {2010}
}

@article{dfc,
author = {Yang, Zichao and Moczulski, Marcin and Denil, Misha and de Freitas, Nando and Smola, Alex and Song, Le and Wang, Ziyu},
title = {Deep Fried Convnets},
journal = {International Conference on Computer Vision (ICCV)},
year = {2015}
}

@article{fastfood,
author = {Le, Quoc and Sarl\'os, Tam\'as and Smola, Alex},
title = {Fastfood - Approximating Kernel Expansions in Loglinear Time},
journal = {International Conference on Machine Learning},
year = {2010}
}

@article{Hinton2012,
author = {Hinton, Geoffrey and Deng, Li and Yu, Dong and Dahl, George and Mohamed, Abdel-rahman and Jaitly, Navdeep and Senior, Andrew and Vanhoucke, Vincent and Nguyen, Patrick and Sainath, Tara and Kingsbury, Brian},
title = {Deep Neural Networks for Acoustic Modeling in Speech Recognition},
journal = {Signal Processing Magazine},
year = {2012}
}

@article{Krizhevsky2012,
author = {Krizhevsky, Alex and Sutskever, Ilya and Hinton, Geoffrey E.},
title = {ImageNet Classification with Deep Convolutional Neural Networks},
journal = {Neural Information Processing Systems},
year = {2012}
}

@article{Collobert2011,  
author = {Collobert, Ronan and Weston, Jason and Bottou, L{\'e}on and Karlen, Michael and Kavukcuoglu, Koray and Kuksa, Pavel},
title = {Natural Language Processing (Almost) from Scratch},
journal = {Journal of Machine Learning Research},
volume = {12},
year = {2011},
pages = {2493--2537},
publisher = {JMLR.org}
}

@book{linalgbook,
author = {Hoffman, Kenneth and Kunze, Ray},
title = {Linear Algebra},
year = {1971},
edition = {Second},
publisher = {Pearson},
chapter = {9}
}
